
@incollection{floudas_portfolio_2009,
	address = {Boston, MA},
	title = {Portfolio {Selection}: {Markowitz} {Mean}-variance {Model}},
	isbn = {978-0-387-74758-3 978-0-387-74759-0},
	shorttitle = {Portfolio {Selection}},
	url = {http://link.springer.com/10.1007/978-0-387-74759-0_513},
	language = {en},
	urldate = {2020-07-10},
	booktitle = {Encyclopedia of {Optimization}},
	publisher = {Springer US},
	author = {Board, John L.G. and Sutcliffe, Charles M.S. and Ziemba, William T.},
	editor = {Floudas, Christodoulos A. and Pardalos, Panos M.},
	year = {2009},
	doi = {10.1007/978-0-387-74759-0_513},
	pages = {2990--2996},
	notes = {Solves min x'Vx problem}
}

@article{Tre1961,
	title = {Market Value, Time, and Risk},
	issn = {1556-5068},
	url = {http://www.ssrn.com/abstract=2600356},
	doi = {10.2139/ssrn.2600356},
	journaltitle = {{SSRN} Electronic Journal},
	shortjournal = {{SSRN} Journal},
	author = {Treynor, Jack L.},
	urldate = {2024-01-09},
	date = {1961},
	langid = {english},
}

@article{Mar1952,
  title={Portfolio selection},
  author={Markowitz, Harry},
  journal={The Journal of Finance},
  volume={7},
  number={1},
  pages={77--91},
  year={1952},
  publisher={Wiley Online Library}
}


