[
	{
		"id": "http://zotero.org/users/6482136/items/MXYUPNKE",
		"type": "article-journal",
		"language": "en",
		"page": "36",
		"source": "Zotero",
		"title": "AN ELEMENTARY THEORY OF THE CATEGORY OF SETS (LONG VERSION) WITH COMMENTARY",
		"author": [
			{
				"family": "Lawvere",
				"given": "F William"
			}
		]
	}
]
